
@book{faraway2016extending,
  title={Extending the linear model with R: generalized linear, mixed effects and nonparametric regression models},
  author={Faraway, Julian J},
  volume={124},
  year={2016},
  publisher={CRC press}
}

@book{agresti1996introduction,
  title={An introduction to categorical data analysis},
  author={Agresti, Alan},
  volume={135},
  year={1996},
  publisher={Wiley New York}


@book{dobson2008introduction,
  title={An introduction to generalized linear models},
  author={Dobson, Annette J and Barnett, Adrian},
  year={2008},
  publisher={CRC press}
}

@book{ohlsson2010non,
  title={Non-life insurance pricing with generalized linear models},
  author={Ohlsson, Esbj{\"o}rn and Johansson, Bj{\"o}rn},
  volume={21},
  year={2010},
  publisher={Springer}
}


\harvarditem[Agresti]{Agresti}{1996}{Agres:96a}
Agresti, A. (1996).  {\it An introduction to categorical data analysis}, Vol.
  135. Wiley New York.

\harvarditem[De~Jong and Heller]{De~Jong and
  Heller}{2008}{De-Jo+Helle+etal:08a}
De~Jong, P. and G.~Z. Heller (2008).  {\it Generalized linear models for
  insurance data}, Vol. 10. Cambridge University Press Cambridge.

\harvarditem[Dobson and Barnett]{Dobson and Barnett}{2008}{Dobso+Barne:08a}
Dobson, A.~J. and A.~Barnett (2008).  {\it An introduction to generalized
  linear models}. CRC press.

\harvarditem[Faraway]{Faraway}{2016}{Faraw:16a}
Faraway, J.~J. (2016).  {\it Extending the linear model with R: generalized
  linear, mixed effects and nonparametric regression models}, Vol. 124. CRC
  press.

\harvarditem[Frees]{Frees}{2010}{Frees:10a}
Frees, E.~W. (2010).  {\it Regression modeling with actuarial and financial
  applications}, New York. Cambridge University Press.

\harvarditem[Frees and Valdez]{Frees and Valdez}{2008}{Frees+Valde:08a}
Frees, E.~W. and E.~A. Valdez (2008). ``Hierarchical insurance claims
  modeling,'' {\it Journal of the American Statistical Association}, Vol. 103,
  pp. 1457--1469.

\harvarditem[McCullagh and Nelder]{McCullagh and
  Nelder}{1989}{mccullagh1973nelder}
McCullagh, P. and John~A. Nelder (1989).  {\it Generalized Linear Models}.
  Chapman \& Hall, 2nd edition.

\harvarditem[Ohlsson and Bj{\"o}rn]{Ohlsson and
  Bj{\"o}rn}{2010}{Ohlss+Johan:10a}
Ohlsson, E. and J.~Bj{\"o}rn (2010).  {\it Non-life insurance pricing with
  generalized linear models}, Vol. 21. Springer.
