@Book{xie2015,
  title = {Dynamic Documents with {R} and knitr},
  author = {Yihui Xie},
  publisher = {Chapman and Hall/CRC},
  address = {Boca Raton, Florida},
  year = {2015},
  edition = {2nd},
  note = {ISBN 978-1498716963},
  url = {http://yihui.name/knitr/},
}

@InProceedings{III2015,
  Title                    = {International Insurance Fact Book},
  Author                   = {{Insurance~Information~Institute}},
  Year                     = {2015},
  Note                     = {[Retrieved on May 10, 2016]},
  Publisher                = {Insurance Information Institute},
  Url                      = {http://www.iii.org/sites/default/files/docs/pdf/international_insurance_factbook_2015.pdf}
}

@Book{bowers1986actuarial,
  Title                    = {Actuarial Mathematics},
  Author                   = {Bowers, Newton L. and Gerber, Hans U. and Hickman, James C. and Jones, Donald A. and Nesbitt, Cecil J.},
  Publisher                = {Society of Actuaries Itasca, Ill.},
  Year                     = {1986}
}

@Book{dickson2013actuarial,
  Title                    = {Actuarial Mathematics for Life Contingent Risks},
  Author                   = {Dickson, David C. M. and Hardy, Mary and Waters, Howard R.},
  Publisher                = {Cambridge University Press},
  Year                     = {2013}
}

@InProceedings{survey2013,
  Title                    = {2013 Insurance Predictive Modeling Survey},
  Author                   = {Earnix},
  Year                     = {2013},
  Note                     = {[Retrieved on July 7, 2014]},
  Publisher                = {Earnix and Insurance Services Office, Inc.},
  Url                      = {http://earnix.com/2013-insurance-predictive-modeling-survey/3594/}
}

@Article{bailey1960,
  Title                    = {Two studies in automobile ratemaking},
  Author                   = {Bailey, Robert A. and LeRoy, J. Simon},
  Journal                  = {Proceedings of the Casualty Actuarial Society Casualty Actuarial Society},
  Year                     = {1960},
  Number                   = {I},
  Volume                   = {XLVII}
}

@InProceedings{SASsurvey,
  Title                    = {Building believers: How to expand the use of predictive analytics in claims},
  Author                   = {Gorman, Mark and Swenson, Stephen},
  Year                     = {2013},
  Note                     = {[Retrieved on August 17, 2014]},
  Publisher                = {SAS},
  Url                      = {http://www.sas.com/resources/whitepaper/wp_59831.pdf}
}

@inproceedings{venter1983transformed,
  title={Transformed beta and gamma distributions and aggregate losses},
  author={Venter, Gary},
  booktitle={Proceedings of the Casualty Actuarial Society},
  volume={70},
  number={133 \& 134},
  pages={289--308},
  year={1983}
}

@article{mcdonald1984some,
  title={Some generalized functions for the size distribution of income},
  author={McDonald, James B},
  journal={Econometrica: journal of the Econometric Society},
  pages={647--663},
  year={1984},
  publisher={JSTOR}
}


@Article{lee1988thirteen,
  Title                    = {Thirteen ways to look at the correlation coeffeicient},
  Author                   = {Lee Rodgers, J and Nicewander , W. A },
  Journal                  = {The American Statistician},
  Year                     = {1998},
  Number                   = {01},
  Pages                    = {59--66},
  Volume                   = {42}

}


@Book{hettmansperger1984statistical,
  Title                    = {Statistical inference based on ranks},
  Author                   = {Hettmansperger, T. P.},
  Year                     = {1984}

}


@Article{spearman1904proof,
  Title                    = {The proof and measurement of association between two things},
  Author                   = {Spearman, C},
  Journal                  = {The American Journal of Psychology},
  Year                     = {1904},
  Number                   = {01},
  Pages                    = {72--101},
  Volume                   = {15}

}


@Article{kendall1938new,
  Title                    = {A new measure of rank correlation},
  Author                   = {Kendall, Maurice G},
  Journal                  = {Biometrika},
  Year                     = {1938},
  Pages                    = {81--93}

}


@Book{hougaard2000analysis,
  Title                    = {Analysis of Multivariate Survival Data},
  Author                   = {Hougaard, P},
  Publisher                = {Springer New York},
  Year                     = {2000}
}


@Article{fechnerkollektivmasslehre,
  Title                    = {Kollektivmasslehre},
  Author                   = {Fechner, G. T},
  Journal                  = {Wilhelm Englemann, Leipzig},
  Year                     = {1897}

}

@Article{blomqvist1950measure,
  Title                    = {On a measure of dependence between two random variables},
  Author                   = {Blomqvist, N},
  Journal                  = {The Annals of Mathematical Statistic},
  Year                     = {1950},
  Pages                    = {593--600}

}

@Book{joe2014dependence,
  Title                    = {Dependence Modeling with Copulas},
  Author                   = {Joe, Harry},
  Publisher                = {CRC Press},
  Year                     = {2014}
}


@Article{dabrowska1988kaplan,
  Title                    = {Kaplan-meier estimate on the plane},
  Author                   = {Dabrowska, D. M},
  Journal                  = {The Annals of Statistics},
  Year                     = {1988},
  Pages                    = {1475--1489}

}


@Book{bishop1975discrete,
  Title                    = {Discrete Multivariate Analysis: Theory and Practice},
  Author                   = {Bishop, Y. M and Fienberg, S. E and Holland, P. W},
  Publisher                = {Cambridge [etc.]: MIT},
  Year                     = {1975}
}


@Article{yule1900association,
  Title                    = {On the association of attributes in statistics: with illustrations from the material of the childhood society},
  Author                   = {Yule, G. U},
  Journal                  = {Philosophical Transactions of the Royal Society of London. Series A, Containing Papers of a Mathematical or Physical Character},
  Year                     = {1900},
  Pages                    = {257--319}

}



@Article{yule1912methods,
  Title                    = {On the methods of measuring association between two attributes},
  Author                   = {Yule, G. U},
  Journal                  = {Journal of the Royal Statistical Society},
  Year                     = {1912},
  Pages                    = {579--652}

}


@Article{genest2007methods,
  Title                    = {A primer on copulas for count data},
  Author                   = {Genest, C and Neslohva, J},
  Journal                  = {Journal of the Royal Statistical Society},
  Year                     = {2007},
  Pages                    = {475--515}

}



@Book{yan2017elements,
  Title                    = {Elements of Copula Modeling with R},
  Author                   = {Hofert, M and Kojadinovic, I and Machler, M  and Yan, J },
  Publisher                = {Springer},
  Year                     = {2017}
}



@Article{frees1998understanding,
  Title                    = {Understanding relationships using copulas},
  Author                   = {Frees, E and Valdez, E},
  Journal                  = {North American Actuarial Journal},
  Year                     = {1998},
  Pages                    = {1--25},
   Volume                   = {2},
 Number                  = {01}

}


@Article{genest1986bivariate,
  Title                    = {The joy of copulas: Bivariate distributions with uniform marginals},
  Author                   = {Genest, C and Mackay, J},
  Journal                  = {The American Statistician},
  Year                     = {1986},
  Pages                    = {280-283},
   Volume                   = {40}

}


@Book{nelsen1997introduction,
  Title                    = {An Introduction to Copulas},
  Author                   = {Nelson, Roger B.},
  Publisher                = {Lecture Notes in Statistics 139},
  Year                     = {1997}
}



