@article{lorenz1905methods,
  title={Methods of measuring the concentration of wealth},
  author={Lorenz, Max O.},
  journal={Publications of the American statistical association},
  volume={9},
  number={70},
  pages={209--219},
  year={1905},
  publisher={Taylor \& Francis}
}

@article{frees2014insurance,
  title={Insurance ratemaking and a Gini index},
  author={Frees, Edward W. and Meyers, Glenn and Cummings, A. David},
  journal={Journal of Risk and Insurance},
  volume={81},
  number={2},
  pages={335--366},
  year={2014},
  publisher={Wiley Online Library}
}

@article{frees2011summarizing,
  title={Summarizing insurance scores using a Gini index},
  author={Frees, Edward W. and Meyers, Glenn and Cummings, A. David},
  journal={Journal of the American Statistical Association},
  volume={106},
  number={495},
  pages={1085--1098},
  year={2011},
  publisher={Taylor \& Francis}
}

@article{aalen1978,
  title={Nonparametric inference for a family of counting processes},
  author={Aalen, Odd},
  journal={The Annals of Statistics},
  volume={6},
  number={4},
  pages={701--726},
  year={1978},
  publisher={Institute of Mathematical Statistics}
}


@inproceedings{greenwood1926,
  title={The errors of sampling of the survivorship tables},
  author={Greenwood, Major},
  booktitle={Reports on Public Health and Statistical Subjects},
  volume={33},
  publisher={London: Her Majesty's Stationary Office},
  year={1926}
}

@article{kaplan1958,
  title={Nonparametric estimation from incomplete observations},
  author={Kaplan, Edward L. and Meier, Paul},
  journal={Journal of the American statistical association},
  volume={53},
  number={282},
  pages={457--481},
  year={1958},
  publisher={Taylor \& Francis}
}
