@Article{hardy2006,
  Title                    = {An introduction to risk measures for actuarial applications.},
  Author                   = {M. R. Hardy},
  Publisher                = {CAS and SOA},
  Year                     = {2006}
}

@Book{klugman2012,
  Title                    = {Loss Models: From Data to Decisions},
  Author                   = {S.A. Klugman and H.H. Panjer and G.E. Willmot},
  Publisher                = {Wiley},
  Year                     = {2012},
  Address                  = {NJ},
  Edition                  = {4th}
}

